<?xml version="1.0" encoding="UTF-8"?><collection><record><leader>04347ntm a2200505 a 4500</leader><controlfield tag="001">006805296</controlfield><controlfield tag="003">MiAaHDL</controlfield><controlfield tag="005">20190719000000.0</controlfield><controlfield tag="006">m        d        </controlfield><controlfield tag="007">cr bn ---auaua</controlfield><controlfield tag="008">090531q14751499xx            00| ||per d</controlfield><datafield tag="035" ind1=" " ind2=" "><subfield code="a">(MiU)006805296</subfield></datafield><datafield tag="035" ind1=" " ind2=" "><subfield code="a">sdr-miu006805296</subfield></datafield><datafield tag="040" ind1=" " ind2=" "><subfield code="a">MiU</subfield><subfield code="c">MiU</subfield><subfield code="e">amremm</subfield></datafield><datafield tag="043" ind1=" " ind2=" "><subfield code="a">n-us-mi</subfield></datafield><datafield tag="100" ind1="0" ind2=" "><subfield code="6">880-01</subfield><subfield code="a">Vahid Tabrīzī,</subfield><subfield code="d">active 1417.</subfield></datafield><datafield tag="245" ind1="1" ind2="0"><subfield code="6">880-03</subfield><subfield code="a">Jamʻ-i mukhtaṣar,</subfield><subfield code="f">[late 15th century?].</subfield></datafield><datafield tag="260" ind1=" " ind2=" "><subfield code="c">[1475-1499?].</subfield></datafield><datafield tag="300" ind1=" " ind2=" "><subfield code="a">40 leaves :</subfield><subfield code="b">paper ;</subfield><subfield code="c">156 x 101 (110 x 55) mm.</subfield></datafield><datafield tag="500" ind1=" " ind2=" "><subfield code="a">Shelfmark: Ann Arbor, University of Michigan, Special Collections Library, Isl. Ms. 275</subfield></datafield><datafield tag="500" ind1=" " ind2=" "><subfield code="a">Origin: Lacks dated colophon ; decoration, hand, etc. may suggest late 15th or even 16th century.</subfield></datafield><datafield tag="500" ind1=" " ind2=" "><subfield code="a">Former shelfmark: "423 T.D.M. [i.e. Tammaro De Marinis]" in pencil on interior of upper cover.</subfield></datafield><datafield tag="500" ind1=" " ind2=" "><subfield code="a">Binding: Marbled laid paper (ebru in light blue, pink, yellow, dark blue) with dark blue cloth over spine ; limp (no boards) ; Type III binding (without flap) ; reverse of paper is undecorated and untinted ; sewn in black thread, two stations ; overall in fairly good condition with minor abrasion, staining, etc. ; textblock has certainly been trimmed (with attempt to avoid loss of catchwords) and carries traces of an envelope flap from a previous (if not the original) cover.</subfield></datafield><datafield tag="500" ind1=" " ind2=" "><subfield code="a">Support: non-European (likely Persian) laid paper with 7 laid lines per cm. (horizontal, fairly indistinct) and no clear chain lines visible ; cloudy formation, sturdy, cream in color, well-burnished ; repairs to some leaves.</subfield></datafield><datafield tag="500" ind1=" " ind2=" "><subfield code="a">Decoration: Fine illuminated headpiece at opening on p.2, consisting of rectangular piece with cartouche in lapis lazuli carrying a form of the basmalah ("باسمه سبحانه و تعالى") flanked by rosette pendants in black and surrounded by elegant swirling floral vegetal composition in red, yellow, turquoise, pink, etc. on a gold ground with lapis accents, all surrounded by borders of gold and lapis bands and surmounted by vertical stalks (tīgh) in lapis ; written area of incipit and facing page surrounded by gold frame with outermost blue rule ; keywords and section headings rubricated ; two-teeth stroke abbreviation symbol (overlining keywords) in red ; numerous diagrams (addressing meters, etc.) in red and black ink (see p.25, 26, 27, 28, 62, 64, 65).</subfield></datafield><datafield tag="500" ind1=" " ind2=" "><subfield code="a">Script: Nastaʻlīq (talik) ; elegant hand ; serifless, with slight effect of words descending to baseline, closed counters, and elongated horizontal strokes.</subfield></datafield><datafield tag="500" ind1=" " ind2=" "><subfield code="a">Layout: Written in 15 lines per page ; frame-ruled.</subfield></datafield><datafield tag="500" ind1=" " ind2=" "><subfield code="a">Collation: V-1 (9), 2 V(29), V+1 (40) ; quinions (first and last anomalous) ; p.64 left blank ; catchwords present ; pagination in pencil, Western numerals, supplied during digitization.</subfield></datafield><datafield tag="500" ind1=" " ind2=" "><subfield code="a">Explicit: "هر كس كه علم قافيه اين مقدار بداند او را كفايت باشد تم"</subfield></datafield><datafield tag="500" ind1=" " ind2=" "><subfield code="a">Incipit: "شکر و سپاس واجب التعظيمى را كه بتشريف نطق انسان را مشرف ساخت ... اما بعد اين مختصر يست از منشات وحيد تبريزى در علم عروض و قافيه و صنايع شعر ... و اين را جمع مختصر نام نهاد و بالله التوفيق ..."</subfield></datafield><datafield tag="500" ind1=" " ind2=" "><subfield code="a">Title from opening matter on p.2.</subfield></datafield><datafield tag="500" ind1=" " ind2=" "><subfield code="a">Ms. codex.</subfield></datafield><datafield tag="510" ind1="4" ind2=" "><subfield code="a">Cat. Pers. MSS. Brit. Mus.,</subfield><subfield code="c">p.789</subfield></datafield><datafield tag="520" ind1="8" ind2=" "><subfield code="a">Elegant copy of the brief treatise on Persian prosody by Vaḥīd al-Dīn Tabrīzī (fl. 1417).</subfield></datafield><datafield tag="538" ind1=" " ind2=" "><subfield code="a">Mode of access: Internet.</subfield></datafield><datafield tag="541" ind1=" " ind2=" "><subfield code="c">Purchase ;</subfield><subfield code="a">Acquired by purchase (funds donated by Horace Rackham).</subfield><subfield code="d">1924.</subfield></datafield><datafield tag="546" ind1=" " ind2=" "><subfield code="a">Persian.</subfield></datafield><datafield tag="561" ind1=" " ind2=" "><subfield code="a">Occasional marginal corrections (with accompanying signes de renvoi) and glosses.</subfield></datafield><datafield tag="650" ind1=" " ind2="0"><subfield code="a">Manuscripts, Persian</subfield><subfield code="z">Michigan</subfield><subfield code="z">Ann Arbor.</subfield></datafield><datafield tag="650" ind1=" " ind2="0"><subfield code="a">Persian language</subfield><subfield code="x">Versification</subfield><subfield code="v">Early works to 1800.</subfield></datafield><datafield tag="655" ind1=" " ind2="7"><subfield code="a">Headpieces (layout features)</subfield><subfield code="y">15th century.</subfield><subfield code="2">aat</subfield></datafield><datafield tag="700" ind1="0" ind2=" "><subfield code="a">Abdülhamid</subfield><subfield code="b">II,</subfield><subfield code="c">Sultan of the Turks,</subfield><subfield code="d">1842-1918,</subfield><subfield code="e">former owner.</subfield></datafield><datafield tag="773" ind1="0" ind2=" "><subfield code="a">Abdul Hamid Collection.</subfield></datafield><datafield tag="880" ind1="1" ind2="0"><subfield code="6">245-03/</subfield><subfield code="a">جمع مختصر,</subfield><subfield code="f">[پایان قرن 15؟].</subfield></datafield><datafield tag="880" ind1="0" ind2=" "><subfield code="6">100-01/</subfield><subfield code="a">وحيد تبريزي.</subfield></datafield><datafield tag="CID" ind1=" " ind2=" "><subfield code="a">006805296</subfield></datafield><datafield tag="DAT" ind1="0" ind2=" "><subfield code="a">20190719102637.0</subfield><subfield code="b">20190719000000.0</subfield></datafield><datafield tag="DAT" ind1="1" ind2=" "><subfield code="a">20190719090653.0</subfield><subfield code="b">2019-07-19T16:11:36Z</subfield></datafield><datafield tag="DAT" ind1="2" ind2=" "><subfield code="a">2015-10-02T18:00:03Z</subfield></datafield><datafield tag="CAT" ind1=" " ind2=" "><subfield code="a">SDR-MIU</subfield><subfield code="d">EX LIBRIS - ALEPH</subfield><subfield code="l">prepare.pl-004-008</subfield></datafield><datafield tag="FMT" ind1=" " ind2=" "><subfield code="a">BK</subfield></datafield><datafield tag="HOL" ind1=" " ind2=" "><subfield code="0">sdr-miu006805296</subfield><subfield code="a">MiU</subfield><subfield code="b">SDR</subfield><subfield code="c">MIU</subfield><subfield code="p">mdp.39015079127372</subfield><subfield code="s">MIU</subfield><subfield code="1">006805296</subfield></datafield><datafield tag="974" ind1=" " ind2=" "><subfield code="b">MIU</subfield><subfield code="c">MIU</subfield><subfield code="d">20190719</subfield><subfield code="s">lit-dlps-dc</subfield><subfield code="u">mdp.39015079127372</subfield><subfield code="y">1499</subfield><subfield code="r">pd</subfield><subfield code="q">bib</subfield><subfield code="t">non-US bib date2 &lt; 1896</subfield></datafield></record></collection>